% Logic Field Theory: Philosophical Foundations Bibliography
% Core references for "The Primitive Status of Logic: From Epistemological Tool to Ontological Foundation"

% ===== CLASSICAL PHILOSOPHICAL FOUNDATIONS =====

@book{aristotle_metaphysics,
  title={Metaphysics},
  author={Aristotle},
  translator={Ross, W. D.},
  year={1924},
  publisher={Oxford University Press},
  note={Original work circa 350 BCE}
}

@book{kant1781critique,
  title={Critique of Pure Reason},
  author={Kant, Immanuel},
  translator={Smith, Norman Kemp},
  year={1929},
  publisher={Macmillan},
  note={Original work published 1781/1787}
}

@book{frege1884foundations,
  title={The Foundations of Arithmetic},
  author={Frege, Gottlob},
  translator={Austin, J. L.},
  year={1950},
  publisher={Northwestern University Press},
  note={Original work published 1884}
}

@book{russell1903principles,
  title={The Principles of Mathematics},
  author={Russell, Bertrand},
  year={1903},
  publisher={Cambridge University Press},
  url={https://archive.org/details/principlesofmat00russuoft}
}

% ===== QUANTUM FOUNDATIONS AND INTERPRETATIONS =====

@book{heisenberg1958physics,
  title={Physics and Philosophy: The Revolution in Modern Science},
  author={Heisenberg, Werner},
  year={1958},
  publisher={Harper \& Row},
  isbn={978-0061209192}
}

@article{bohm1952suggested,
  title={A Suggested Interpretation of the Quantum Theory in Terms of "Hidden" Variables. I},
  author={Bohm, David},
  journal={Physical Review},
  volume={85},
  number={2},
  pages={166--179},
  year={1952},
  doi={10.1103/PhysRev.85.166}
}

@article{everett1957relative,
  title={"Relative State" Formulation of Quantum Mechanics},
  author={Everett III, Hugh},
  journal={Reviews of Modern Physics},
  volume={29},
  number={3},
  pages={454--462},
  year={1957},
  doi={10.1103/RevModPhys.29.454}
}

@article{zurek2003decoherence,
  title={Decoherence, einselection, and the quantum origins of the classical},
  author={Zurek, Wojciech Hubert},
  journal={Reviews of Modern Physics},
  volume={75},
  number={3},
  pages={715--775},
  year={2003},
  doi={10.1103/RevModPhys.75.715}
}

@article{fuchs2010qbism,
  title={QBism, the Perimeter of Quantum Bayesianism},
  author={Fuchs, Christopher A. and Schack, R{\"u}diger},
  journal={arXiv preprint},
  year={2010},
  eprint={1003.5209},
  archivePrefix={arXiv},
  primaryClass={quant-ph},
  url={https://arxiv.org/abs/1003.5209}
}

@article{pusey2012reality,
  title={On the reality of the quantum state},
  author={Pusey, Matthew F. and Barrett, Jonathan and Rudolph, Terry},
  journal={Nature Physics},
  volume={8},
  number={6},
  pages={475--478},
  year={2012},
  doi={10.1038/nphys2309},
  eprint={1111.3328},
  archivePrefix={arXiv}
}

% ===== LOGIC AND QUANTUM MECHANICS =====

@article{birkhoff1936logic,
  title={The Logic of Quantum Mechanics},
  author={Birkhoff, Garrett and von Neumann, John},
  journal={Annals of Mathematics},
  volume={37},
  number={4},
  pages={823--843},
  year={1936},
  doi={10.2307/1968621}
}

@book{putnam1975mathematics,
  title={Mathematics, Matter and Method: Philosophical Papers, Volume 1},
  author={Putnam, Hilary},
  year={1975},
  publisher={Cambridge University Press},
  isbn={978-0521206655}
}

@article{isham1995lectures,
  title={Lectures on Quantum Theory: Mathematical and Structural Foundations},
  author={Isham, Chris J.},
  year={1995},
  publisher={Imperial College Press},
  isbn={978-1860940019}
}

@article{coecke2011quantum,
  title={Quantum Picturalism},
  author={Coecke, Bob and Kissinger, Aleks},
  journal={Contemporary Physics},
  volume={51},
  number={1},
  pages={59--83},
  year={2010},
  doi={10.1080/00107510903257624},
  eprint={0908.1787},
  archivePrefix={arXiv}
}

% ===== INFORMATION-THEORETIC APPROACHES =====

@incollection{wheeler1990information,
  title={Information, Physics, Quantum: The Search for Links},
  author={Wheeler, John Archibald},
  booktitle={Complexity, Entropy, and the Physics of Information},
  editor={Zurek, W. H.},
  pages={3--28},
  year={1990},
  publisher={Addison-Wesley},
  isbn={978-0201515091}
}

@article{brukner2001conceptual,
  title={Conceptual inadequacy of the Shannon information in quantum measurements},
  author={Brukner, {\v{C}}aslav and Zeilinger, Anton},
  journal={Physical Review A},
  volume={63},
  number={2},
  pages={022113},
  year={2001},
  doi={10.1103/PhysRevA.63.022113},
  eprint={quant-ph/0006087},
  archivePrefix={arXiv}
}

@article{rovelli1996relational,
  title={Relational Quantum Mechanics},
  author={Rovelli, Carlo},
  journal={International Journal of Theoretical Physics},
  volume={35},
  number={8},
  pages={1637--1678},
  year={1996},
  doi={10.1007/BF02302261},
  eprint={quant-ph/9609002},
  archivePrefix={arXiv}
}

% ===== PHILOSOPHY OF PHYSICS =====

@article{wigner1960unreasonable,
  title={The Unreasonable Effectiveness of Mathematics in the Natural Sciences},
  author={Wigner, Eugene P.},
  journal={Communications on Pure and Applied Mathematics},
  volume={13},
  number={1},
  pages={1--14},
  year={1960},
  doi={10.1002/cpa.3160130102}
}

@article{tegmark2008mathematical,
  title={The Mathematical Universe},
  author={Tegmark, Max},
  journal={Foundations of Physics},
  volume={38},
  number={2},
  pages={101--150},
  year={2008},
  doi={10.1007/s10701-007-9186-9},
  eprint={0704.0646},
  archivePrefix={arXiv}
}

@book{ladyman2007every,
  title={Every Thing Must Go: Metaphysics Naturalized},
  author={Ladyman, James and Ross, Don},
  year={2007},
  publisher={Oxford University Press},
  isbn={978-0199276196},
  doi={10.1093/acprof:oso/9780199276196.001.0001}
}

@article{french2006structure,
  title={Structure as a Weapon of the Realist},
  author={French, Steven},
  journal={Proceedings of the Aristotelian Society},
  volume={106},
  number={1},
  pages={167--185},
  year={2006},
  doi={10.1111/j.1467-9264.2006.00143.x}
}

@book{maudlin2019philosophy,
  title={Philosophy of Physics: Quantum Theory},
  author={Maudlin, Tim},
  year={2019},
  publisher={Princeton University Press},
  isbn={978-0691183527}
}

% ===== KEY PHYSICS PAPERS =====

@article{einstein1935can,
  title={Can Quantum-Mechanical Description of Physical Reality Be Considered Complete?},
  author={Einstein, Albert and Podolsky, Boris and Rosen, Nathan},
  journal={Physical Review},
  volume={47},
  number={10},
  pages={777--780},
  year={1935},
  doi={10.1103/PhysRev.47.777}
}

@article{bell1964einstein,
  title={On the Einstein Podolsky Rosen Paradox},
  author={Bell, John S.},
  journal={Physics Physique Fizika},
  volume={1},
  number={3},
  pages={195--200},
  year={1964},
  doi={10.1103/PhysicsPhysiqueFizika.1.195}
}

@article{aspect1982experimental,
  title={Experimental Test of Bell's Inequalities Using Time-Varying Analyzers},
  author={Aspect, Alain and Dalibard, Jean and Roger, G{\'e}rard},
  journal={Physical Review Letters},
  volume={49},
  number={25},
  pages={1804--1807},
  year={1982},
  doi={10.1103/PhysRevLett.49.1804}
}

@book{vonneumann1932mathematical,
  title={Mathematical Foundations of Quantum Mechanics},
  author={von Neumann, John},
  translator={Beyer, Robert T.},
  year={1955},
  publisher={Princeton University Press},
  note={Original German edition 1932},
  isbn={978-0691028934}
}

% ===== LOGIC AND FOUNDATIONS OF MATHEMATICS =====

@book{whitehead1910principia,
  title={Principia Mathematica},
  author={Whitehead, Alfred North and Russell, Bertrand},
  year={1910--1913},
  publisher={Cambridge University Press},
  note={Three volumes}
}

@article{godel1931formally,
  title={On Formally Undecidable Propositions of Principia Mathematica and Related Systems},
  author={G{\"o}del, Kurt},
  journal={Monatshefte f{\"u}r Mathematik},
  volume={38},
  pages={173--198},
  year={1931},
  doi={10.1007/BF01700692}
}

@book{quine1980set,
  title={Set Theory and Its Logic},
  author={Quine, Willard Van Orman},
  year={1980},
  edition={Revised},
  publisher={Harvard University Press},
  isbn={978-0674802070}
}

@book{priest2006doubt,
  title={In Contradiction: A Study of the Transconsistent},
  author={Priest, Graham},
  year={2006},
  edition={2nd},
  publisher={Oxford University Press},
  isbn={978-0199263301},
  doi={10.1093/acprof:oso/9780199263301.001.0001}
}

@book{heyting1971intuitionism,
  title={Intuitionism: An Introduction},
  author={Heyting, Arend},
  year={1971},
  edition={3rd revised},
  publisher={North-Holland},
  isbn={978-0720422399}
}

% ===== TIME AND LOGIC =====

@book{mctaggart1908unreality,
  title={The Unreality of Time},
  author={McTaggart, John Ellis},
  journal={Mind},
  volume={17},
  number={68},
  pages={457--474},
  year={1908},
  doi={10.1093/mind/XVII.4.457}
}

@book{prior1967past,
  title={Past, Present and Future},
  author={Prior, Arthur N.},
  year={1967},
  publisher={Oxford University Press},
  isbn={978-0198243113}
}

@book{rovelli2018order,
  title={The Order of Time},
  author={Rovelli, Carlo},
  year={2018},
  publisher={Riverhead Books},
  isbn={978-0735216105}
}

% ===== RECENT QUANTUM FOUNDATIONS =====

@article{hardy2001quantum,
  title={Quantum Theory From Five Reasonable Axioms},
  author={Hardy, Lucien},
  journal={arXiv preprint},
  year={2001},
  eprint={quant-ph/0101012},
  archivePrefix={arXiv},
  url={https://arxiv.org/abs/quant-ph/0101012}
}

@article{chiribella2011informational,
  title={Informational derivation of quantum theory},
  author={Chiribella, Giulio and D'Ariano, Giacomo Mauro and Perinotti, Paolo},
  journal={Physical Review A},
  volume={84},
  number={1},
  pages={012311},
  year={2011},
  doi={10.1103/PhysRevA.84.012311},
  eprint={1011.6451},
  archivePrefix={arXiv}
}

@article{muller2023emergence,
  title={The Emergence of Space and Time},
  author={M{\"u}ller, Markus P.},
  journal={arXiv preprint},
  year={2023},
  eprint={2307.04748},
  archivePrefix={arXiv},
  primaryClass={quant-ph},
  url={https://arxiv.org/abs/2307.04748}
}

@article{brukner2014quantum,
  title={Quantum causality},
  author={Brukner, {\v{C}}aslav},
  journal={Nature Physics},
  volume={10},
  number={4},
  pages={259--263},
  year={2014},
  doi={10.1038/nphys2930}
}

% ===== FORMAL VERIFICATION IN PHYSICS =====

@article{hales2008formal,
  title={Formal Proof},
  author={Hales, Thomas C.},
  journal={Notices of the AMS},
  volume={55},
  number={11},
  pages={1370--1380},
  year={2008},
  url={https://www.ams.org/notices/200811/tx081101370p.pdf}
}

@inproceedings{avigad2018role,
  title={The Role of the Foundations of Mathematics in the Development of Lean},
  author={Avigad, Jeremy},
  booktitle={Mathematical Software -- ICMS 2018},
  pages={3--14},
  year={2018},
  publisher={Springer},
  doi={10.1007/978-3-319-96418-8_1}
}